
@article{vakbib1,
  title={Математическое моделирование макрохарактеристик процесса теплопроводности для волокнистых материалов при расчете строительных конструкций на действие тепловых нагрузок},
  author={Горынин, Г.Л. and Власко, А.Ф.},
  journal={Вестник Сибирской государственной автомобильно-дорожной академии},
  number={3 (25)},
  year={2012},
  publisher={Федеральное государственное бюджетное образовательное учреждение высшего образования     {\guillemotleft}Сибирская государственная автомобильно-дорожная академия (СибАДИ){\guillemotright}},
  pages = {69--73},
  language = {russian},
  howpublished = "\url{https://cyberleninka.ru/article/n/matematicheskoe-modelirovanie-makroharakteristik-protsessa-teploprovodnosti-dlya-voloknistyh-materialov-pri-raschete-stroitelnyh}"
}

@article{vakbib2,
  title={Математическое моделирование упругих макрохарактеристик для волокнистых материалов при расчете конструкций транспортных сооружений},
  author={Горынин, Г.Л. and Власко, А.Ф.},
  journal={Вестник Сибирской государственной автомобильно-дорожной академии},
  number={1 (29)},
  year={2013},
  publisher={Федеральное государственное бюджетное образовательное учреждение высшего образования     {\guillemotleft}Сибирская государственная автомобильно-дорожная академия (СибАДИ){\guillemotright}},
  pages = {58--64},
  language = {russian},
}

@article{vakbib3,
  title={Математическое моделирование напряженно деформированного состояния конструкций, выполненных из 3D-периодических материалов, при тепловых нагрузках},
  author={Горынин, Г.Л. and Власко, А.Ф.},
  journal={Вестник кибернетики},
  number={3 (27)},
  year={2017},
  publisher={Бюджетное учреждение высшего образования  Ханты-Манчийского автономногоокруга - Югры{\guillemotleft}Сургутский государственный университет{\guillemotright}},
  pages = {138--152},
  language = {russian},
}
