
@ARTICLE{bib1,
  title={Расчет механических макросвойств материалов, армированных периодическими решетками},
  author={Горынин, Г.Л. and Власко, А.Ф.},
  journal={Проблемы оптимального проектирования сооружений},
  pages={100--107},
  year={2014},
  language = {russian},
}

@ARTICLE{bib2,
  title={Исследование зависимости упругих макрохарактеристик для волокнистых материалов от механических и геометрических свойств армирующих волокон},
  author={Горынин, Г.Л. and Власко, А.Ф.},
  journal={VI Всероссийская конференция {\guillemotleft}Актуальные вопросы строительства{\guillemotright}: труды [Электронный ресурс].--Новосибирск: НГАСУ (Сибстрин), 2013.--1 электрон. опт. диск (CD-ROM)},
  pages={237--244},
  year={2013}
}

@article{bib3,
  title={Исследование напряженного состояния в периодическом композитном материале вблизи отверстия},
  author={Власко, А.Ф.},
  journal={Северный регион: наука, образование, культура},
  volume={2},
  number={2},
  pages={154--157},
  year={2015},
  publisher={бюджетное учреждение высшего образования Ханты-Мансийского автономного округа-Югры Сургутский государственный университет},
  howpublished = "\url{https://elibrary.ru/elibrary_25077381.pdf}"
}

@article{bib4,
  title={Математическое моделирование механических свойств армогрунтов},
  author={Власко, А.Ф.},
  journal={Техника и технологии строительства},
  number={2},
  pages={11--17},
  year={2015},
  publisher={Федеральное государственное бюджетное образовательное учреждение высшего образования Сибирская государственная автомобильно-дорожная академия (СибАДИ)},
  howpublished = "\url{ttps://elibrary.ru/elibrary_25142373.pdf}"
}

@article{bib5,
  title={Математическое моделирование механических свойств грунтов, армированных георешетками},
  author={Власко, А.Ф. and Горынин, Г.Л.},
  journal={Вестник Сургутского государственного университета},
  number={4},
  pages={58--61},
  year={2014},
  publisher={бюджетное учреждение высшего образования Ханты-Мансийского автономного округа-Югры Сургутский государственный университет},
  howpublished = "\url{https://elibrary.ru/full_text.asp?id=25993695}"
}
