@CONFERENCE{confbib1,
  author={Горынин, Г.Л. and Власко, А.Ф.},
  title = {Применение расширенного метода конечных элементов для моделирования упругих свойств разрушаемых композитных материалов},
  booktitle = {Международная заочная научно-практическая конференция {\guillemotleft}Актуальные научные проблемы: реальность и перспективы{\guillemotright}},
  year = {26.12.2011},
  address = {Тамбов}
  language = {russian},
}
@CONFERENCE{confbib2,
  author={Горынин, Г.Л. and Власко, А.Ф.},
  title = {Расчет макрохарактеристик теплопроводности для 2-периодических упругих сред},
  booktitle = {VII Российская научно-техническая конференция {\guillemotleft}Механика микронеоднородных материалов и разрушение{\guillemotright}},
  year = {23.04.2012},
  address = {Екатеринбург}
  language = {russian},
}
@CONFERENCE{confbib3,
  author={Горынин, Г.Л. and Власко, А.Ф.},
  title = {Расчет макрохарактеристик процесса теплопроводности для волокнистых композитных материалов},
  booktitle = {I Всероссийская конференция молодых ученых {\guillemotleft}Наука и инновации XXI века{\guillemotright}},
  year = {28.11.2012},
  address = {Сургут}
  language = {russian},
}
@CONFERENCE{confbib4,
  author={Горынин, Г.Л. and Власко, А.Ф.},
  title = {Исследование зависимости упругих макрохарактеристик для волокнистых материалов от механических и геометрических свойств армирующих волокон},
  booktitle = {VI Всероссийская конференция {\guillemotleft}ктуальные вопросы строительства{\guillemotright}},
  year = {10.04.2013},
  address = {Новосибирск}
  language = {russian},
}
@CONFERENCE{confbib5,
  author={Горынин, Г.Л. and Власко, А.Ф.},
  title = {Прогнозирование жесткостных характеристик бетонов при умеренных нагрузках},
  booktitle = {Всероссийская конференция {\guillemotleft}Численные методы решения задач теории упругости и пластичности{\guillemotright}},
  year = {27.06.2013},
  address = {Барнаул}
  language = {russian},
}
@CONFERENCE{confbib6,
  author={Горынин, Г.Л. and Власко, А.Ф.},
  title = {Расчет упругих макрохарактеристик волокнистых композитных материалов},
  booktitle = {VНаука и инновации XXI века. II Всероссийская конференция молодых ученых},
  year = {14.04.2014},
  address = {Сургут}
  language = {russian},
}
@CONFERENCE{confbib7,
  author={Горынин, Г.Л. and Власко, А.Ф.},
  title = {Расчет механических макросвойств материалов, армированных периодическими решетками},
  booktitle = {3-я Всероссийская конференция {\guillemotleft}Проблемы оптимального проектирования сооружений{\guillemotright}},
  year = {17.04.2014},
  address = {Новосибирск}
  language = {russian},
}
@CONFERENCE{confbib8,
  author={Горынин, Г.Л. and Власко, А.Ф.},
  title = {Математическое моделирование механических свойств грунтов, армированных георешетками},
  booktitle = {Математика и информационные технологии в нефтегазовом комплексе},
  year = {16.05.2014},
  address = {Сургут}
  language = {russian},
}
@CONFERENCE{confbib9,
  author={Горынин, Г.Л. and Власко, А.Ф.},
  title = {Исследование напряженного состояния в периодическом композитном материале вблизи отверстия},
  booktitle = { Всероссийской научно-практической конференции {\guillemotleft}Север России: стратегии и перспективы развития{\guillemotright}},
  year = {22.04.2015},
  address = {Сургут}
  language = {russian},
}
@CONFERENCE{confbib10,
  author={Горынин, Г.Л. and Власко, А.Ф.},
  title = {Влияние внутренней структуры волокнистых композитов на концентрацию напряжений вблизи отверстий},
  booktitle = {24 Всероссийская конференция по численным методам решения задач теории упругости и пластичности},
  year = {04.05.2015},
  address = {Омск}
  language = {russian},
}
@CONFERENCE{confbib11,
  author={Горынин, Г.Л. and Власко, А.Ф.},
  title = {Моделирование и расчет композитного обжимного кольца},
  booktitle = {Конференция, посвящённая дню рождения великого русского математика академика П.Л. Чебышёва {\guillemotleft}Математиа и информатика технологии в нефтегазовом комплексе{\guillemotright}},
  year = {18.05.2016},
  address = {Сургут}
  language = {russian},
}
@CONFERENCE{confbib12,
  author={Горынин, Г.Л. and Власко, А.Ф.},
  title = {Исследование кромочного пограничного слоя в трехслойном стержне при сжатии},
  booktitle = {4-я всеросийская конференция {\guillemotleft}Проблемы оптимального проектирования сооружений{\guillemotright}},
  year = {12.04.2017},
  address = {Новосибирск}
  language = {russian},
}
