@ARTICLE{scbib1,
  title={Multiscale simulation of thermal stresses in 3D periodic anisotropic bodies},
  author={Gorynin, G. and Nemirovskii, Y. and Vlasko, A.},
  journal={AIP Conference Proceedings},
  volume = {1893},
  number = {1},
  pages={030111},
  year={2017},
  language = {english},
}
