% ГОСТ Р 7.0.11-2011, Приложение Б, Книги

@BOOK{Bahvalov,
  author = {Бахвалов, Н. С. and Панасенко, Г. П.},
  address = {М.},
  publisher = {Наука. Главная редакция физиксьматематической литертуры},
  title = {Осреднение процессов в периодических средах. Математические задачи механики композиционных материалов},
  year = {1984},
  numpages = {352},
  language = {russian}
}
